time_interval_start,time_interval_end,time_interval_center,request_count,request_rate,interval_seconds
14826.049,14827.049,14826.549,37,37.0,1.0
14827.049,14828.049,14827.549,29,29.0,1.0
14828.049,14829.049,14828.549,29,29.0,1.0
14829.049,14830.049,14829.549,23,23.0,1.0
14830.049,14831.049,14830.549,28,28.0,1.0
14831.049,14832.049,14831.549,25,25.0,1.0
14832.049,14833.049,14832.549,18,18.0,1.0
14833.049,14834.049,14833.549,20,20.0,1.0
14834.049,14835.049,14834.549,25,25.0,1.0
14835.049,14836.049,14835.549,30,30.0,1.0
14836.049,14837.049,14836.549,12,12.0,1.0
14837.049,14838.049,14837.549,27,27.0,1.0
14838.049,14839.049,14838.549,19,19.0,1.0
14839.049,14840.049,14839.549,27,27.0,1.0
14840.049,14841.049,14840.549,35,35.0,1.0
14841.049,14842.049,14841.549,26,26.0,1.0
14842.049,14843.049,14842.549,31,31.0,1.0
14843.049,14844.049,14843.549,26,26.0,1.0
14844.049,14845.049,14844.549,26,26.0,1.0
14845.049,14846.049,14845.549,20,20.0,1.0
14846.049,14847.049,14846.549,35,35.0,1.0
14847.049,14848.049,14847.549,28,28.0,1.0
14848.049,14849.049,14848.549,32,32.0,1.0
14849.049,14850.049,14849.549,26,26.0,1.0
14850.049,14851.049,14850.549,19,19.0,1.0
14851.049,14852.049,14851.549,19,19.0,1.0
14852.049,14853.049,14852.549,23,23.0,1.0
14853.049,14854.049,14853.549,29,29.0,1.0
14854.049,14855.049,14854.549,26,26.0,1.0
14855.049,14856.049,14855.549,28,28.0,1.0
14856.049,14857.049,14856.549,19,19.0,1.0
14857.049,14858.049,14857.549,18,18.0,1.0
14858.049,14859.049,14858.549,23,23.0,1.0
14859.049,14860.049,14859.549,38,38.0,1.0
14860.049,14861.049,14860.549,31,31.0,1.0
14861.049,14862.049,14861.549,21,21.0,1.0
14862.049,14863.049,14862.549,29,29.0,1.0
14863.049,14864.049,14863.549,28,28.0,1.0
14864.049,14865.049,14864.549,25,25.0,1.0
14865.049,14866.049,14865.549,25,25.0,1.0
14866.049,14867.049,14866.549,25,25.0,1.0
14867.049,14868.049,14867.549,25,25.0,1.0
14868.049,14869.049,14868.549,24,24.0,1.0
14869.049,14870.049,14869.549,29,29.0,1.0
14870.049,14871.049,14870.549,29,29.0,1.0
14871.049,14872.049,14871.549,31,31.0,1.0
14872.049,14873.049,14872.549,19,19.0,1.0
14873.049,14874.049,14873.549,18,18.0,1.0
14874.049,14875.049,14874.549,24,24.0,1.0
14875.049,14876.049,14875.549,31,31.0,1.0
14876.049,14877.049,14876.549,24,24.0,1.0
14877.049,14878.049,14877.549,33,33.0,1.0
14878.049,14879.049,14878.549,26,26.0,1.0
14879.049,14880.049,14879.549,20,20.0,1.0
14880.049,14881.049,14880.549,31,31.0,1.0
14881.049,14882.049,14881.549,23,23.0,1.0
14882.049,14883.049,14882.549,29,29.0,1.0
14883.049,14884.049,14883.549,23,23.0,1.0
14884.049,14885.049,14884.549,23,23.0,1.0
14885.049,14886.049,14885.549,15,15.0,1.0
14886.049,14887.049,14886.549,22,22.0,1.0
14887.049,14888.049,14887.549,18,18.0,1.0
14888.049,14889.049,14888.549,16,16.0,1.0
14889.049,14890.049,14889.549,24,24.0,1.0
14890.049,14891.049,14890.549,23,23.0,1.0
14891.049,14892.049,14891.549,26,26.0,1.0
14892.049,14893.049,14892.549,20,20.0,1.0
14893.049,14894.049,14893.549,33,33.0,1.0
14894.049,14895.049,14894.549,17,17.0,1.0
14895.049,14896.049,14895.549,14,14.0,1.0
14896.049,14897.049,14896.549,16,16.0,1.0
14897.049,14898.049,14897.549,24,24.0,1.0
14898.049,14899.049,14898.549,12,12.0,1.0
14899.049,14900.049,14899.549,22,22.0,1.0
14900.049,14901.049,14900.549,17,17.0,1.0
14901.049,14902.049,14901.549,25,25.0,1.0
14902.049,14903.049,14902.549,23,23.0,1.0
14903.049,14904.049,14903.549,25,25.0,1.0
14904.049,14905.049,14904.549,18,18.0,1.0
14905.049,14906.049,14905.549,11,11.0,1.0
14906.049,14907.049,14906.549,19,19.0,1.0
14907.049,14908.049,14907.549,14,14.0,1.0
14908.049,14909.049,14908.549,14,14.0,1.0
14909.049,14910.049,14909.549,14,14.0,1.0
14910.049,14911.049,14910.549,20,20.0,1.0
14911.049,14912.049,14911.549,26,26.0,1.0
14912.049,14913.049,14912.549,23,23.0,1.0
14913.049,14914.049,14913.549,16,16.0,1.0
14914.049,14915.049,14914.549,21,21.0,1.0
14915.049,14916.049,14915.549,18,18.0,1.0
14916.049,14917.049,14916.549,23,23.0,1.0
14917.049,14918.049,14917.549,27,27.0,1.0
14918.049,14919.049,14918.549,23,23.0,1.0
14919.049,14920.049,14919.549,16,16.0,1.0
14920.049,14921.049,14920.549,22,22.0,1.0
14921.049,14922.049,14921.549,22,22.0,1.0
14922.049,14923.049,14922.549,18,18.0,1.0
14923.049,14924.049,14923.549,25,25.0,1.0
14924.049,14925.049,14924.549,21,21.0,1.0
14925.049,14926.049,14925.549,20,20.0,1.0
14926.049,14927.049,14926.549,22,22.0,1.0
14927.049,14928.049,14927.549,26,26.0,1.0
14928.049,14929.049,14928.549,29,29.0,1.0
14929.049,14930.049,14929.549,25,25.0,1.0
14930.049,14931.049,14930.549,29,29.0,1.0
14931.049,14932.049,14931.549,22,22.0,1.0
14932.049,14933.049,14932.549,23,23.0,1.0
14933.049,14934.049,14933.549,37,37.0,1.0
14934.049,14935.049,14934.549,20,20.0,1.0
14935.049,14936.049,14935.549,23,23.0,1.0
14936.049,14937.049,14936.549,25,25.0,1.0
14937.049,14938.049,14937.549,17,17.0,1.0
14938.049,14939.049,14938.549,13,13.0,1.0
14939.049,14940.049,14939.549,22,22.0,1.0
14940.049,14941.049,14940.549,13,13.0,1.0
14941.049,14942.049,14941.549,18,18.0,1.0
14942.049,14943.049,14942.549,19,19.0,1.0
14943.049,14944.049,14943.549,18,18.0,1.0
14944.049,14945.049,14944.549,27,27.0,1.0
14945.049,14946.049,14945.549,12,12.0,1.0
14946.049,14947.049,14946.549,18,18.0,1.0
14947.049,14948.049,14947.549,19,19.0,1.0
14948.049,14949.049,14948.549,30,30.0,1.0
14949.049,14950.049,14949.549,19,19.0,1.0
14950.049,14951.049,14950.549,22,22.0,1.0
14951.049,14952.049,14951.549,27,27.0,1.0
14952.049,14953.049,14952.549,21,21.0,1.0
14953.049,14954.049,14953.549,34,34.0,1.0
14954.049,14955.049,14954.549,27,27.0,1.0
14955.049,14956.049,14955.549,31,31.0,1.0
14956.049,14957.049,14956.549,23,23.0,1.0
14957.049,14958.049,14957.549,38,38.0,1.0
14958.049,14959.049,14958.549,22,22.0,1.0
14959.049,14960.049,14959.549,32,32.0,1.0
14960.049,14961.049,14960.549,29,29.0,1.0
14961.049,14962.049,14961.549,24,24.0,1.0
14962.049,14963.049,14962.549,19,19.0,1.0
14963.049,14964.049,14963.549,32,32.0,1.0
14964.049,14965.049,14964.549,26,26.0,1.0
14965.049,14966.049,14965.549,29,29.0,1.0
14966.049,14967.049,14966.549,26,26.0,1.0
14967.049,14968.049,14967.549,33,33.0,1.0
14968.049,14969.049,14968.549,23,23.0,1.0
14969.049,14970.049,14969.549,30,30.0,1.0
14970.049,14971.049,14970.549,28,28.0,1.0
14971.049,14972.049,14971.549,33,33.0,1.0
14972.049,14973.049,14972.549,21,21.0,1.0
14973.049,14974.049,14973.549,22,22.0,1.0
14974.049,14975.049,14974.549,25,25.0,1.0
14975.049,14976.049,14975.549,24,24.0,1.0
14976.049,14977.049,14976.549,22,22.0,1.0
14977.049,14978.049,14977.549,29,29.0,1.0
14978.049,14979.049,14978.549,25,25.0,1.0
14979.049,14980.049,14979.549,10,10.0,1.0
14980.049,14981.049,14980.549,19,19.0,1.0
14981.049,14982.049,14981.549,32,32.0,1.0
14982.049,14983.049,14982.549,20,20.0,1.0
14983.049,14984.049,14983.549,21,21.0,1.0
14984.049,14985.049,14984.549,20,20.0,1.0
14985.049,14986.049,14985.549,10,10.0,1.0
14986.049,14987.049,14986.549,26,26.0,1.0
14987.049,14988.049,14987.549,24,24.0,1.0
14988.049,14989.049,14988.549,28,28.0,1.0
14989.049,14990.049,14989.549,28,28.0,1.0
14990.049,14991.049,14990.549,26,26.0,1.0
14991.049,14992.049,14991.549,27,27.0,1.0
14992.049,14993.049,14992.549,28,28.0,1.0
14993.049,14994.049,14993.549,27,27.0,1.0
14994.049,14995.049,14994.549,18,18.0,1.0
14995.049,14996.049,14995.549,22,22.0,1.0
14996.049,14997.049,14996.549,24,24.0,1.0
14997.049,14998.049,14997.549,30,30.0,1.0
14998.049,14999.049,14998.549,18,18.0,1.0
14999.049,15000.049,14999.549,29,29.0,1.0
15000.049,15001.049,15000.549,19,19.0,1.0
15001.049,15002.049,15001.549,28,28.0,1.0
15002.049,15003.049,15002.549,26,26.0,1.0
15003.049,15004.049,15003.549,29,29.0,1.0
15004.049,15005.049,15004.549,29,29.0,1.0
15005.049,15006.049,15005.549,20,20.0,1.0
15006.049,15007.049,15006.549,21,21.0,1.0
15007.049,15008.049,15007.549,19,19.0,1.0
15008.049,15009.049,15008.549,20,20.0,1.0
15009.049,15010.049,15009.549,21,21.0,1.0
15010.049,15011.049,15010.549,18,18.0,1.0
15011.049,15012.049,15011.549,16,16.0,1.0
15012.049,15013.049,15012.549,17,17.0,1.0
15013.049,15014.049,15013.549,31,31.0,1.0
15014.049,15015.049,15014.549,15,15.0,1.0
15015.049,15016.049,15015.549,28,28.0,1.0
15016.049,15017.049,15016.549,27,27.0,1.0
15017.049,15018.049,15017.549,28,28.0,1.0
15018.049,15019.049,15018.549,23,23.0,1.0
15019.049,15020.049,15019.549,26,26.0,1.0
15020.049,15021.049,15020.549,28,28.0,1.0
15021.049,15022.049,15021.549,26,26.0,1.0
15022.049,15023.049,15022.549,20,20.0,1.0
15023.049,15024.049,15023.549,26,26.0,1.0
15024.049,15025.049,15024.549,29,29.0,1.0
15025.049,15026.049,15025.549,24,24.0,1.0
15026.049,15027.049,15026.549,25,25.0,1.0
15027.049,15028.049,15027.549,18,18.0,1.0
15028.049,15029.049,15028.549,22,22.0,1.0
15029.049,15030.049,15029.549,15,15.0,1.0
15030.049,15031.049,15030.549,16,16.0,1.0
15031.049,15032.049,15031.549,19,19.0,1.0
15032.049,15033.049,15032.549,17,17.0,1.0
15033.049,15034.049,15033.549,24,24.0,1.0
15034.049,15035.049,15034.549,25,25.0,1.0
15035.049,15036.049,15035.549,27,27.0,1.0
15036.049,15037.049,15036.549,32,32.0,1.0
15037.049,15038.049,15037.549,11,11.0,1.0
